@article{yang2010recent,
  title={Recent advances in program verification through computer algebra},
  author={Yang, Lu and Zhou, Chaochen and Zhan, Naijun and Xia, Bican},
  journal={Frontiers of Computer Science in China},
  volume={4},
  number={1},
  pages={1--16},
  year={2010},
  publisher={Springer}
}

  @inProceedings{bobiti2015delta,
  title={A delta-sampling verification theorem for discrete-time, possibly discontinuous systems},
  author={Bobiti, Ruxandra and Lazar, Mircea},
  booktitle={Proc. of the Hybrid Systems: Computation and Control (HSCC)},
  pages={140--148},
  year={2015},
  organization={ACM}
}

  @inproceedings{bouissou2014computation,
  title={Computation of parametric barrier functions for dynamical systems using interval analysis},
  author={Bouissou, Olivier and Chapoutot, Alexandre and Djaballah, Adel and Kieffer, Michel},
  booktitle={Proceedings of the IEEE 53rd Annual Conference on Decision and Control (CDC)},
  pages={753--758},
  year={2014},
  organization={IEEE}
}

@article{brown2003qepcad,
  title={{QEPCAD B}: a program for computing with semi-algebraic sets using {CAD}s},
  author={Brown, Christopher W},
  journal={ACM SIGSAM Bulletin},
  volume={37},
  number={4},
  pages={97--108},
  year={2003},
  publisher={ACM Press}
}

@incollection{brown2000lyapunov,
  title={Lyapunov inequalities and their applications},
  author={Brown, Richard C and Hinton, Don B},
  booktitle={Survey on Classical Inequalities},
  pages={1--25},
  year={2000},
  publisher={Springer}
}

@article{cheze2011computation,
  title={Computation of Darboux polynomials and rational first integrals with bounded degree in polynomial time},
  author={Cheze, Guillaume},
  journal={Journal of Complexity},
  volume={27},
  number={2},
  pages={246--262},
  year={2011},
  publisher={Elsevier}
}

@article{dai2013barrier,
 author = {Dai, Liyun and Gan, Ting and Xia, Bican and Zhan, Naijun},
 title = {Barrier Certificates Revisited},
 journal = {Journal of Symbolic Computation},
 volume = {80},
 year = {2017},
 pages = {62--86},
 }

@article{ferragut2015seeking,
  title={Seeking Darboux Polynomials},
  author={Ferragut, Antoni and Gasull, Armengol},
  journal={Acta Applicandae Mathematicae},
  volume={139},
  number={1},
  pages={167--186},
  year={2015},
  publisher={Springer}
}

@article{ghorbal2016hierarchy,
  title={A hierarchy of proof rules for checking positive invariance of algebraic and semi-algebraic sets},
  author={Ghorbal, Khalil and Sogokon, Andrew and Platzer, Andr{\'e}},
  journal={Computer Languages, Systems, and Structures},
  year={2016},
  pages={http://dx.doi.org/10.1016/j.cl.2015.11.003i},
  publisher={Elsevier}
}

@inproceedings{goubault2014finding,
 title={Finding non-polynomial positive invariants and Lyapunov functions for polynomial systems through Darboux polynomials},
 author={Goubault, Eric and Jourdan, J-H and Putot, Sylvie and Sankaranarayanan, Sriram},
 booktitle={Proceedings of the 2014 American Control Conference (ACC)},
 pages={3571--3578},
 year={2014},
 organization={IEEE}
 }

  @inproceedings{GulwaniT08,
  author    = {Sumit Gulwani and
               Ashish Tiwari},
  title     = {Constraint-Based Approach for Analysis of Hybrid Systems},
  booktitle = {Proc. of the 20th International Conference on Computer Aided Verification ({CAV})},
  pages     = {190--203},
  year      = {2008}
}

@book{halmos1974undergraduate,
  title={Finite-Dimensional Vector Spaces},
  author={Halmos, Paul R},
  year={1974},
  publisher={Springer}
}

@INPROCEEDINGS{Henzinger:1996,
author={Henzinger, T.A.},
booktitle={Proc. of the IEEE Symposium on Logic in Computer Science (LICS)},
title={The theory of hybrid automata},
year={1996},
pages={278-292},
}

@incollection{kapinski2015discovering,
  title={Discovering forward invariant sets for nonlinear dynamical systems},
  author={Kapinski, James and Deshmukh, Jyotirmoy},
  booktitle={Interdisciplinary Topics in Applied Mathematics, Modeling and Computational Science},
  pages={259--264},
  year={2015},
  publisher={Springer}
}

@inProceedings{kapinski2014simulation,
  title={Simulation-guided lyapunov analysis for hybrid dynamical systems},
  author={Kapinski, James and Deshmukh, Jyotirmoy V and Sankaranarayanan, Sriram and Ar{\'e}chiga, Nikos},
  booktitle={Proc. of the Hybrid Systems: Computation and Control (HSCC)},
  pages={133--142},
  year={2014},
  organization={ACM}
}

@inproceedings{kong2013exponential,
  title={Exponential-condition-based barrier certificate generation for safety verification of hybrid systems},
  author={Kong, Hui and He, Fei and Song, Xiaoyu and Hung, William NN and Gu, Ming},
  booktitle={Proceedings of the 25th International Conference on Computer Aided Verification (CAV)},
  pages={242--257},
  year={2013},
  organization={Springer}
}

@article{kong2014new,
  title={A new barrier certificate for safety verification of hybrid systems},
  author={Kong, Hui and Song, Xiaoyu and Han, Dong and Gu, Ming and Sun, Jiaguang},
  journal={The Computer Journal},
  volume={57},
  number={7},
  pages={1033--1045},
  year={2014},
  publisher={Br Computer Soc}
}

@Unpublished{KS2005,
   author= {M. Ko\v{c}vara and M. Stingl},
   title=  {{PENBMI} User's guide (Version 2.0)},
   year =  {2005},
   note=   {Available at \texttt{http://www.penopt.com}},
}

@inproceedings{liu2011complete,
  title={Computing semi-algebraic invariants for polynomial dynamical systems},
  author={Liu, J. and Zhan, N. and Zhao, H.},
  booktitle={Proceedings of the International Conference on Embedded Software (EMSOFT)},
  pages={97--106},
  year={2011},
  organization={ACM}
}

@article{llibre2007integrability,
  title={On the integrability of the Einstein--Yang--Mills equations},
  author={Llibre, Jaume and Valls, Cl{\`a}udia},
  journal={Journal of Mathematical Analysis and Applications},
  volume={336},
  number={2},
  pages={1203--1230},
  year={2007},
  publisher={Elsevier}
}

@incollection{Nadir:2010,
  title={Generating invariants for non-linear hybrid systems by linear algebraic methods},
  author={Matringe, Nadir and Moura, Arnaldo Vieira and Rebiha, Rachid},
  booktitle={Proc. of the Static Analysis},
  pages={373--389},
  year={2010},
  publisher={Springer}
}

@article{Platzer:2009,
 author = {Platzer, Andr\'{e} and Clarke, Edmund M.},
 title = {Computing differential invariants of hybrid systems as fixedpoints},
 journal = {Formal Methods in System Design},
 volume = {35},
 number = {1},
 year = {2009},
 pages = {98--120},
 publisher = {Kluwer Academic Publishers},
 address = {Hingham, MA, USA},
}

@inproceedings{Prajna04safetyverification,
  author    = {Stephen Prajna and
               Ali Jadbabaie},
  title     = {Safety Verification of Hybrid Systems Using Barrier Certificates},
  booktitle = {Proceedings of the 7th International Workshop on Hybrid Systems: Computation and Control {HSCC}},
  pages     = {477--492},
  year      = {2004},
}


@article{prajna2007safety,
  title={A framework for worst-case and stochastic safety verification using barrier certificates},
  author={S. Prajna and A. Jadbabaie and G.J. Pappas},
  journal={IEEE Transactions on Automatic Control},
  volume={52},
  number={8},
  pages={1415--1429},
  year={2007}
}

@article{prajnasostools,
  title={SOSTOOLS: Sum of squares optimization toolbox for MATLAB, 2002},
  author={Prajna, Stephen and Papachristodoulou, Antonis and Parrilo, PA},
  journal={URL: http://www. cds. caltech. edu/sostools}
}

@article{Rachid:TCS2015,
  author = {Rachid Rebiha, Arnaldo V. Moura, Nadir Matringe},
  title = {Generating invariants for non-linear hybrid systems},
  publisher = {Theoretical Computer Science},
  year = {2015},
  journal = {Theoretical Computer Science},
  volume = {594},
  pages = {180--200},
}

@inproceedings{Rodriguez-CarbonellT05,
  author    = {Rodr{\'\i}guez-Carbonell, Enric and Tiwari, Ashish},
  title     = {Generating Polynomial Invariants for Hybrid Systems},
  booktitle = {Proc. of the 8th ACM International Conference on Hybrid Systems: Computation and Control},
  pages     = {590--605},
  year      = {2005}
}

@article{SSM:2008,
   author = {Sankaranarayanan, Sriram and Sipma, Henny and Manna, Zohar},
   title = {Constructing invariants for hybrid systems},
   journal = {Formal Methods in System Design},
   publisher = {Springer Netherlands},
   pages = {25-55},
   volume = {32},
   issue = {1},
   year = {2008}
}

@inProceedings{sloth2012compositional,
  title={Compositional safety analysis using barrier certificates},
  author={Sloth, Christoffer and Pappas, George J and Wisniewski, Rafael},
  booktitle={Proc. of the Hybrid Systems: Computation and Control (HSCC)},
  pages={15--24},
  year={2012},
  organization={ACM}
}

@inProceedings{sogokon2016method,
  title={A Method for Invariant Generation for Polynomial Continuous Systems},
  author={Sogokon Andrew and Ghorbal Khalil and Jackson Paul B and Platzer Andr{\'e}},
  booktitle={Proc. of the Verification, Model Checking, and Abstract Interpretation (VMCAI)},
  pages={268--288},
  year={2016},
  organization={Springer}
}

@inproceedings{sturm2011verification,
  title={Verification and synthesis using real quantifier elimination},
  author={Sturm, T. and Tiwari, A.},
  booktitle={Proceedings of the International Symposium on Symbolic and Algebraic Computation, ISSAC},
  pages={329--336},
  year={2011},
  organization={ACM Press}
}

@unpublished{yang2012exact,
  title={Exact Verification of Hybrid Systems Based on Bilinear SOS Representation},
  author={Zhengfeng Yang and Min Wu and Wang Lin},
  journal = { ACM Transactions on Embedded Computing Systems 14},
  pages={1--19},
  year={2015}
  }

@techreport{Zaki2007Combining,
  author={Zaki, M.H. and Tahar, S. and Bois, G.},
  title={Combining Constraint Solving and Formal Methods for the Verification of Analog Designs},
  year={2007},
  institution={Concordia University}
}

  @inProceedings{zakisymbolic,
  title={A Symbolic Approach for the Safety Verification of Continuous Systems},
  author={Zaki, M.H. and Tahar, S. and Bois, G.},
  booktitle={Proc. of the International Conference on Computational Sciences},
  year={2007},
  pages={93--100},
}

@inproceedings{Zeng2016,
 author = {Zeng, Xia and Lin, Wang and Yang, Zhengfeng and Chen, Xin and Wang, Lilei},
 title = {Darboux-type Barrier Certificates for Safety Verification of Nonlinear Hybrid Systems},
 booktitle = {Proceedings of the 13th International Conference on Embedded Software},
 series = {EMSOFT '16},
 year = {2016},
 pages = {11:1--11:10},
 articleno = {11},
 numpages = {10},
 publisher = {ACM},
} 

@inproceedings{KBD2017CAV,
   author = {Guy Katz and Clark Barrett and David L. Dill and Kyle Julian
	and Mykel J. Kochenderfer},
   title = {Reluplex: An Efficient {SMT} Solver for Verifying Deep Neural
	Networks},
   booktitle = {Proceedings of the 29th International Conference
	on Computer Aided Verification (CAV '17)},
   number = {1},
   pages = {97--117},
   publisher = {Springer},
   year = {2017},
}

@article{WeimingXiang2017,
  author    = {Weiming Xiang and
               Hoang{-}Dung Tran and
               Taylor T. Johnson},
  title     = {Output Reachable Set Estimation and Verification for Multi-Layer Neural
               Networks},
  journal   = {CoRR},
  volume    = {abs/1708.03322},
  year      = {2017},
  archivePrefix = {arXiv},
}

@InProceedings{Dutta2018,
author= {Dutta, Souradeep
and Jha, Susmit
and Sankaranarayanan, Sriram
and Tiwari, Ashish},
title= {Output Range Analysis for Deep Feedforward Neural Networks},
booktitle= {NASA Formal Methods},
year= {2018},
publisher= {Springer International Publishing},
pages= {121--138},
}

@inproceedings{Dutta2019HSCC,
 author = {Dutta, Souradeep and Chen, Xin and Jha, Susmit and Sankaranarayanan, Sriram and Tiwari, Ashish},
 title = {Sherlock - A Tool for Verification of Neural Network Feedback Systems: Demo Abstract},
 booktitle = {Proceedings of the 22Nd ACM International Conference on Hybrid Systems: Computation and Control},
 series = {HSCC '19},
 year = {2019},
 pages = {262--263},
 numpages = {2},
 publisher = {ACM},
}

@InProceedings{HuangXiaowei2016,
author = {Huang, Xiaowei
and Kwiatkowska, Marta
and Wang, Sen
and Wu, Min},
title= {Safety Verification of Deep Neural Networks},
booktitle= {Computer Aided Verification},
year= {2017},
publisher = {Springer International Publishing},
pages = {3--29},
}

@inproceedings{DBLPSouradeep19HSCC,
  author    = {Souradeep Dutta and
               Xin Chen and
               Sriram Sankaranarayanan},
  title     = {Reachability analysis for neural feedback systems using regressive
               polynomial rule inference},
  booktitle = {Proceedings of the 22nd {ACM} International Conference on Hybrid Systems:
               Computation and Control, {HSCC} },
  pages     = {157--168},
  year      = {2019},
}

@InProceedings{Platzer2008CAV,
author = {Platzer, Andr{\'e}
and Clarke, Edmund M.},
title= {Computing Differential Invariants of Hybrid Systems as Fixedpoints},
booktitle= {Computer Aided Verification},
year= {2008},
publisher = {Springer Berlin Heidelberg},
pages = {176--189},
}

@inproceedings{Sogokon2018FM,
  author    = {Sogokon, Andrew
 and Ghorbal, Khalil
 and Tan, Yong Kiam
 and Platzer, Andr{\'e}"},
  title     = {Vector Barrier Certificates and Comparison Systems},
  booktitle = {Formal Methods},
  pages     = {418--437},
  year      = {2018},
}

@inproceedings{katz2017reluplex,
	title={Reluplex: An efficient SMT solver for verifying deep neural networks},
	author={Katz, Guy and Barrett, Clark and Dill, David L and Julian, Kyle and Kochenderfer, Mykel J},
	booktitle={International Conference on Computer Aided Verification},
	pages={97--117},
	year={2017},
	organization={Springer}
}


@inproceedings{WengZCSHDBD18,
	author    = {Tsui{-}Wei Weng and
	Huan Zhang and
	Hongge Chen and
	Zhao Song and
	Cho{-}Jui Hsieh and
	Luca Daniel and
	Duane S. Boning and
	Inderjit S. Dhillon},
	title     = {Towards Fast Computation of Certified Robustness for ReLU Networks},
	booktitle = {Proceedings of the 35th International Conference on Machine Learning,
	{ICML} 2018},
	pages     = {5273--5282},
	year      = {2018},
}

@inproceedings{IvanovWAPL19,
	author    = {Radoslav Ivanov and
	James Weimer and
	Rajeev Alur and
	George J. Pappas and
	Insup Lee},
	title     = {Verisig: verifying safety properties of hybrid systems with neural
	network controllers},
	booktitle = {Proceedings of the 22nd {ACM} International Conference on Hybrid Systems:
	Computation and Control, {HSCC} 2019.},
	pages     = {169--178},
	year      = {2019},
}

@inproceedings{ SunKS19,
	author    = {Xiaowu Sun and
	Haitham Khedr and
	Yasser Shoukry},
	title     = {Formal verification of neural network controlled autonomous systems},
	booktitle = {Proceedings of the 22nd {ACM} International Conference on Hybrid Systems:
	Computation and Control, {HSCC} 2019.},
	pages     = {147--156},
	year      = {2019},
}


@inproceedings{ Pulina2010CAV,
	author    = {Pulina, Luca
and Tacchella, Armando},
	title     = {An Abstraction-Refinement Approach to Verification of Artificial Neural Networks},
	booktitle = {Computer Aided Verification},
	pages     = {243--257},
	year      = {2010},
}

@inproceedings{BarryICRA2012,
  author    = {Barry, {Andrew J.} and Anirudha Majumdar and Russ Tedrake},
  title     = {Safety verification of reactive controllers for UAV flight in cluttered environments using barrier certificates},
  booktitle = {2012 IEEE International Conference on Robotics and Automation, ICRA 2012},
  pages     = {484--490},
  publisher = {nstitute of Electrical and Electronics Engineers Inc.},
  year      = {2012},
}

@article{MOGGI201875,
   author = {Eugenio Moggi and Amin Farjudian and Adam Duracz and Walid Taha},
   title = {Safe & robust reachability analysis of hybrid systems},
   journal = {Theoretical Computer Science},
   publisher = {Springer Netherlands},
   pages = {75 - 99},
   volume = {747},
   year = {2018}
}

@article{Lafferriere2001,
author = {Lafferriere, Gerardo and Pappas, George and Yovine, Sergio},
year = {2001},
pages = {231-253},
title = {Symbolic Reachability Computation for Families of Linear Vector Fields},
volume = {32},
journal = {Journal of Symbolic Computation},
}

@inproceedings{BrockschmidtCKK17,
  author    = {Brockschmidt, Marc
and Chen, Yuxin
and Kohli, Pushmeet
and Krishna, Siddharth
and Tarlow, Daniel},
  title     = {Learning Shape Analysis},
  booktitle = {Static Analysis},
  pages     = {66--87},
  publisher = {Springer International Publishing},
  year      = {2017},
}
 

@inproceedings{ChenWAZKZ19,
  author    = {Chen, Mingshuai
and Wang, Jian
and An, Jie
and Zhan, Bohua
and Kapur, Deepak
and Zhan, Naijun},
  title     = {NIL: Learning Nonlinear Interpolants},
  booktitle = {Automated Deduction -- CADE 27},
  pages     = {178--196},
  publisher = {Springer International Publishing},
  year      = {2019},
}
 
 
@inproceedings{SGHALN13,
 author    = {Sharma, Rahul
and Gupta, Saurabh
and Hariharan, Bharath
and Aiken, Alex
and Liang, Percy
and Nori, Aditya V.},
  title     = {A Data Driven Approach for Algebraic Loop Invariants},
  booktitle = {Programming Languages and Systems},
  pages     = {574--592},
  publisher = {Springer Berlin Heidelberg},
  year      = {2013},
}
 
 @inproceedings{SharmaNA12,
 author    = {Sharma, Rahul
and Nori, Aditya V.
and Aiken, Alex.},
  title     = {Interpolants as Classifiers},
  booktitle = {Computer Aided Verification},
  pages     = {71--87},
  publisher = {Springer Berlin Heidelberg},
  year      = {2012},
}
 
 
 @article{szegedy2013intriguing,
	title={Intriguing properties of neural networks},
	author={Szegedy, Christian and Zaremba, Wojciech and Sutskever, Ilya and Bruna, Joan and Erhan, Dumitru and Goodfellow, Ian and Fergus, Rob},
	journal={arXiv preprint arXiv:1312.6199},
	year={2013}
}

@article{Vanderbei1998Linear,
	title={Linear Programming: Foundations and Extensions},
	author={Vanderbei, R J},
	journal={Journal of the Operational Research Society},
	volume={49},
	number={1},
	pages={94-94},
	year={1998},
}


@article{katz2017towards,
	title={Towards proving the adversarial robustness of deep neural networks},
	author={Katz, Guy and Barrett, Clark and Dill, David L and Julian, Kyle and Kochenderfer, Mykel J},
	journal={arXiv preprint arXiv:1709.02802},
	year={2017}
}

@article{goodfellow2014explaining,
	title={Explaining and harnessing adversarial examples},
	author={Goodfellow, Ian J and Shlens, Jonathon and Szegedy, Christian},
	journal={arXiv preprint arXiv:1412.6572},
	year={2014}
}



@inproceedings{moosavi2016deepfool,
	title={Deepfool: a simple and accurate method to fool deep neural networks},
	author={Moosavi-Dezfooli, Seyed-Mohsen and Fawzi, Alhussein and Frossard, Pascal},
	booktitle={Proceedings of the IEEE conference on computer vision and pattern recognition},
	pages={2574--2582},
	year={2016}
}


@inproceedings{huang2017safety,
	title={Safety verification of deep neural networks},
	author={Huang, Xiaowei and Kwiatkowska, Marta and Wang, Sen and Wu, Min},
	booktitle={International Conference on Computer Aided Verification},
	pages={3--29},
	year={2017},
	organization={Springer}
}


@inproceedings{krizhevsky2012imagenet,
	title={Imagenet classification with deep convolutional neural networks},
	author={Krizhevsky, Alex and Sutskever, Ilya and Hinton, Geoffrey E},
	booktitle={Advances in neural information processing systems},
	pages={1097--1105},
	year={2012}
}


@article{lecun1998mnist,
	title={The MNIST database of handwritten digits},
	author={LeCun, Yann},
	journal={http://yann. lecun. com/exdb/mnist/},
	year={1998}
}


@book{goodfellow2016deep,
	title={Deep learning},
	author={Goodfellow, Ian and Bengio, Yoshua and Courville, Aaron},
	year={2016},
	publisher={MIT press}
}

@article{riesenhuber1999hierarchical,
	title={Hierarchical models of object recognition in cortex},
	author={Riesenhuber, Maximilian and Poggio, Tomaso},
	journal={Nature neuroscience},
	volume={2},
	number={11},
	pages={1019},
	year={1999},
	publisher={Nature Publishing Group}
}


@Misc{pulp,
	howpublished = {\url{https://pythonhosted.org/PuLP/}},
}

@Misc{cardiotocography,
	howpublished = {\url{http://archive.ics.uci.edu/ml/datasets/Cardiotocography}},
}


@inproceedings{krizhevsky2012imagenet,
	title={Imagenet classification with deep convolutional neural networks},
	author={Krizhevsky, Alex and Sutskever, Ilya and Hinton, Geoffrey E},
	booktitle={Advances in neural information processing systems},
	pages={1097--1105},
	year={2012}
}


@inproceedings{graves2013speech,
	title={Speech recognition with deep recurrent neural networks},
	author={Graves, Alex and Mohamed, Abdel-rahman and Hinton, Geoffrey},
	booktitle={2013 IEEE international conference on acoustics, speech and signal processing},
	pages={6645--6649},
	year={2013},
	organization={IEEE}
}

@article{zhao2017deep,
	title={Deep reinforcement learning with visual attention for vehicle classification},
	author={Zhao, Dongbin and Chen, Yaran and Lv, Le},
	journal={IEEE Transactions on Cognitive and Developmental Systems},
	volume={9},
	number={4},
	pages={356--367},
	year={2017},
	publisher={IEEE}
}



@inproceedings{papernot2016limitations,
	title={The limitations of deep learning in adversarial settings},
	author={Papernot, Nicolas and McDaniel, Patrick and Jha, Somesh and Fredrikson, Matt and Celik, Z Berkay and Swami, Ananthram},
	booktitle={2016 IEEE European Symposium on Security and Privacy (EuroS\&P)},
	pages={372--387},
	year={2016},
	organization={IEEE}
}



@article{brendel2017decision,
	title={Decision-based adversarial attacks: Reliable attacks against black-box machine learning models},
	author={Brendel, Wieland and Rauber, Jonas and Bethge, Matthias},
	journal={arXiv preprint arXiv:1712.04248},
	year={2017}
}



@inproceedings{bastani2016measuring,
	title={Measuring neural net robustness with constraints},
	author={Bastani, Osbert and Ioannou, Yani and Lampropoulos, Leonidas and Vytiniotis, Dimitrios and Nori, Aditya and Criminisi, Antonio},
	booktitle={Advances in neural information processing systems},
	pages={2613--2621},
	year={2016}
}



@article{pulina2012challenging,
	title={Challenging SMT solvers to verify neural networks},
	author={Pulina, Luca and Tacchella, Armando},
	journal={Ai Communications},
	volume={25},
	number={2},
	pages={117--135},
	year={2012},
	publisher={IOS Press}
}

@inproceedings{pulina2010abstraction,
	title={An abstraction-refinement approach to verification of artificial neural networks},
	author={Pulina, Luca and Tacchella, Armando},
	booktitle={International Conference on Computer Aided Verification},
	pages={243--257},
	year={2010},
	organization={Springer}
}

@inproceedings{nair2010rectified,
	title={Rectified linear units improve restricted boltzmann machines},
	author={Nair, Vinod and Hinton, Geoffrey E},
	booktitle={Proceedings of the 27th international conference on machine learning (ICML-10)},
	pages={807--814},
	year={2010}
}


@book{dantzig2016linear,
	title={Linear programming and extensions},
	author={Dantzig, George},
	year={2016},
	publisher={Princeton university press}
}


@inproceedings{julian2016policy,
	title={Policy compression for aircraft collision avoidance systems},
	author={Julian, Kyle D and Lopez, Jessica and Brush, Jeffrey S and Owen, Michael P and Kochenderfer, Mykel J},
	booktitle={2016 IEEE/AIAA 35th Digital Avionics Systems Conference (DASC)},
	pages={1--10},
	year={2016},
	organization={IEEE}
}


@Misc{cs231n,
	howpublished = {\url{http://cs231n.github.io/neural-networks-1/#actfun}},
}

@Misc{leakyreluplex,
	howpublished = {\url{https://github.com/Lzsxx/Leaky-Reluplex}},
}

@Misc{convreluplex,
	howpublished = {\url{https://github.com/Lzsxx/Conv-Reluplex}},
}


@Misc{cnndefinition,
	howpublished = {\url{http://ufldl.stanford.edu/tutorial/supervised/ConvolutionalNeuralNetwork/}},
}


@article{madry2017towards,
	title={Towards deep learning models resistant to adversarial attacks},
	author={Madry, Aleksander and Makelov, Aleksandar and Schmidt, Ludwig and Tsipras, Dimitris and Vladu, Adrian},
	journal={arXiv preprint arXiv:1706.06083},
	year={2017}
}


@article{tramer2017ensemble,
	title={Ensemble adversarial training: Attacks and defenses},
	author={Tram{\`e}r, Florian and Kurakin, Alexey and Papernot, Nicolas and Goodfellow, Ian and Boneh, Dan and McDaniel, Patrick},
	journal={arXiv preprint arXiv:1705.07204},
	year={2017}
}



@article{pfahringer2017conjunctive,
	title={Conjunctive normal form},
	author={Pfahringer, Bernhard},
	journal={Encyclopedia of Machine Learning and Data Mining},
	pages={260--261},
	year={2017},
	publisher={Springer}
}

@inproceedings{deters2014tour,
	title={A tour of CVC4: how it works, and how to use it},
	author={Deters, Morgan and Reynolds, Andrew and King, Tim and Barrett, Clark and Tinelli, Cesare},
	booktitle={2014 Formal Methods in Computer-Aided Design (FMCAD)},
	pages={7--7},
	year={2014},
	organization={IEEE}
}


@inproceedings{bozzano2005incremental,
	title={An incremental and layered procedure for the satisfiability of linear arithmetic logic},
	author={Bozzano, Marco and Bruttomesso, Roberto and Cimatti, Alessandro and Junttila, Tommi and Van Rossum, Peter and Schulz, Stephan and Sebastiani, Roberto},
	booktitle={International Conference on Tools and Algorithms for the Construction and Analysis of Systems},
	pages={317--333},
	year={2005},
	organization={Springer}
}



@inproceedings{de2008z3,
	title={Z3: An efficient SMT solver},
	author={De Moura, Leonardo and Bj{\o}rner, Nikolaj},
	booktitle={International conference on Tools and Algorithms for the Construction and Analysis of Systems},
	pages={337--340},
	year={2008},
	organization={Springer}
}



@article{narayan1997generalized,
	title={The generalized sigmoid activation function: competitive supervised learning},
	author={Narayan, Sridhar},
	journal={Information sciences},
	volume={99},
	number={1-2},
	pages={69--82},
	year={1997},
	publisher={Elsevier}
}

@inproceedings{marra2006tanh,
	title={Tanh-like activation function implementation for high-performance digital neural systems},
	author={Marra, S and Iachino, MA and Morabito, FC},
	booktitle={2006 Ph. D. Research in Microelectronics and Electronics},
	pages={237--240},
	year={2006},
	organization={IEEE}
}

@article{cui2018modern,
	title={Modern practical convolutional neural networks for multivariate regression: Applications to NIR calibration},
	author={Cui, Chenhao and Fearn, Tom},
	journal={Chemometrics and Intelligent Laboratory Systems},
	volume={182},
	pages={9--20},
	year={2018},
	publisher={Elsevier}
}

@article{schlimbach2018investigating,
	title={Investigating scale in Receptive Fields Neural Networks},
	author={Schlimbach, Robert Jan},
	year={2018}
}

@article{EzudheenND0M18,
	author    = {P. Ezudheen and
	Daniel Neider and
	Deepak D'Souza and
	Pranav Garg and
	P. Madhusudan},
	title     = {Horn-ICE learning for synthesizing invariants and contracts},
	journal   = {{PACMPL}},
	volume    = {2},
	number    = {{OOPSLA}},
	pages     = {131:1--131:25},
	year      = {2018},
	url       = {https://doi.org/10.1145/3276501},
	doi       = {10.1145/3276501},
	timestamp = {Wed, 21 Nov 2018 12:44:28 +0100},
	biburl    = {https://dblp.org/rec/bib/journals/pacmpl/EzudheenND0M18},
	bibsource = {dblp computer science bibliography, https://dblp.org}
}

@proceedings{DBLP:conf/hybrid/2019,
	editor    = {Necmiye Ozay and
	Pavithra Prabhakar},
	title     = {Proceedings of the 22nd {ACM} International Conference on Hybrid Systems:
	Computation and Control, {HSCC} 2019, Montreal, QC, Canada, April
	16-18, 2019},
	publisher = {{ACM}},
	year      = {2019},
	url       = {https://dl.acm.org/citation.cfm?id=3302504},
	isbn      = {978-1-4503-6282-5},
	timestamp = {Sun, 07 Apr 2019 17:45:27 +0200},
	biburl    = {https://dblp.org/rec/bib/conf/hybrid/2019},
	bibsource = {dblp computer science bibliography, https://dblp.org}
}

@proceedings{DBLP:conf/hybrid/2019,
	editor    = {Necmiye Ozay and
	Pavithra Prabhakar},
	title     = {Proceedings of the 22nd {ACM} International Conference on Hybrid Systems:
	Computation and Control, {HSCC} 2019, Montreal, QC, Canada, April
	16-18, 2019},
	publisher = {{ACM}},
	year      = {2019},
	url       = {https://dl.acm.org/citation.cfm?id=3302504},
	isbn      = {978-1-4503-6282-5},
	timestamp = {Sun, 07 Apr 2019 17:45:27 +0200},
	biburl    = {https://dblp.org/rec/bib/conf/hybrid/2019},
	bibsource = {dblp computer science bibliography, https://dblp.org}
}


@inproceedings{HengjunZhaoFM2015,
  author    = {Jiang Liu and
               Naijun Zhan and
               Hengjun Zhao and
               Liang Zou},
  title     = {Abstraction of Elementary Hybrid Systems by Variable Transformation},
  booktitle = {{FM} 2015: Formal Methods - 20th International Symposium, Oslo, Norway,
               June 24-26, 2015, Proceedings},
  pages     = {360--377},
  publisher = {Springer},
  year      = {2015},
}

